<record><leader>00000cas a2200000 a 4500</leader><controlfield tag="001">12248063</controlfield><controlfield tag="008">850710d19051909ksuwr ne      0    0eng d</controlfield><datafield ind1=" " ind2=" " tag="010"><subfield code="a">sn 85030412 </subfield></datafield><datafield ind1=" " ind2=" " tag="040"><subfield code="a">KSH</subfield><subfield code="b">eng</subfield><subfield code="c">KSH</subfield><subfield code="d">NPT</subfield><subfield code="d">OCL</subfield><subfield code="d">OCLCQ</subfield></datafield><datafield ind1=" " ind2=" " tag="042"><subfield code="a">msc</subfield></datafield><datafield ind1="0" ind2="4" tag="245"><subfield code="a">The Liberty sentinel.</subfield></datafield><datafield ind1=" " ind2=" " tag="260"><subfield code="a">Liberty, Kan. :</subfield><subfield code="b">F.L. Tomlinson,</subfield><subfield code="c">1905-1909.</subfield></datafield><datafield ind1=" " ind2=" " tag="300"><subfield code="a">4 v. :</subfield><subfield code="b">ill. ;</subfield><subfield code="c">39 cm.</subfield></datafield><datafield ind1=" " ind2=" " tag="310"><subfield code="a">Weekly</subfield></datafield><datafield ind1="0" ind2=" " tag="362"><subfield code="a">Vol. 1, no. 1 (Nov. 23, 1905)-v. 4, no. 28 (Apr. 22, 1909).</subfield></datafield><datafield ind1=" " ind2=" " tag="500"><subfield code="a">Publisher varies.</subfield></datafield><datafield ind1=" " ind2=" " tag="752"><subfield code="a">United States</subfield><subfield code="b">Kansas</subfield><subfield code="c">Montgomery</subfield><subfield code="d">Liberty.</subfield></datafield><datafield ind1="0" ind2="4" tag="785"><subfield code="t">Weekly independent (Coffeyville, Kan.)</subfield><subfield code="w">(DLC)sn 85031425</subfield></datafield></record>